1679 2976
439 191 576 247 ord.
614 193 718 258 V„
768 194 911 248 Sect.
949 194 1005 248 I.
1255 212 1356 267 219

129 298 143 350 (
175 296 332 336 Insecta
378 297 559 337 solitarie
597 297 797 350 degentia.

78 365 227 402 Neutra
248 366 372 403 nulla.
388 365 559 405 Masculi
579 375 619 404 et
639 366 798 414 feminae

77 432 185 471 alati.
202 433 215 485 )
234 434 428 474 Thoracis
449 444 703 488 segmentum
722 426 797 474 an-

76 503 204 541 ticum
230 504 404 543 secundo
428 505 621 552 inferius,
643 505 799 543 brevis-

76 572 246 621 simum,
271 574 695 621 transverso-lineare,
715 573 797 612 ala-

74 655 168 678 rum
187 642 390 695 originem
418 656 539 695 supra
566 658 650 682 non
677 643 799 682 attin—

76 724 180 762 gens.
225 713 404 750 Labrum
450 711 683 750 nullatenus
729 721 798 750 aut

75 792 159 816 non
194 779 358 830 penitus
396 789 600 818 exsertum
623 810 634 827 ,
669 779 796 817 mini-

74 860 202 884 mum.
249 847 378 899 Caput
424 862 522 899 saepe
564 862 760 899 magnum
786 877 797 892 ,

75 913 252 952 thoracis
281 923 488 967 segmento
526 915 702 954 secundo
735 914 797 953 la-

74 982 179 1032 tiu53
209 982 381 1035 occipite
418 998 524 1036 pone
560 984 700 1023 oculos
726 999 798 1023 ex-

77 1058 204 1089 tenso.

135 1172 149 1223 (
180 1171 338 1209 Insecta
374 1170 555 1209 solitarie
596 1171 802 1224 degentia.

76 1240 230 1278 Neutra
250 1238 378 1276 nulla.
397 1239 570 1277 Masculi
591 1249 630 1277 et
646 1239 807 1277 feminae

77 1307 187 1346 alati.
205 1307 218 1359 )
239 1307 435 1345 Thoracis
452 1317 707 1360 segmentum
729 1323 804 1346 an-

78 1378 209 1415 ticum
230 1375 408 1414 secundo
428 1376 619 1423 inferius,
645 1376 805 1415 brevis-

78 1446 252 1493 simum,
274 1445 699 1493 transverso-lineare,
722 1444 805 1482 ala-

77 1529 176 1555 rum*
199 1514 404 1567 originem
431 1528 552 1566 supra
576 1529 660 1552 non
678 1515 805 1552 attin-

76 1598 183 1637 gens.
201 1583 382 1621 Labrum
400 1583 564 1635 penitus
583 1591 802 1622 exsertum.

77 1654 208 1706 Caput
250 1653 439 1691 omnium
484 1653 664 1691 thoracis
713 1666 803 1704 seg·

78 1732 217 1761 mento
258 1722 435 1760 secundo
481 1722 694 1774 angustius
736 1731 804 1759 aut

78 1792 148 1830 vix
187 1791 301 1828 illius
339 1790 559 1828 latitudine
579 1806 588 1839 3
629 1790 805 1843 occipite

78 1875 184 1913 pone
209 1860 349 1899 oculos
378 1875 464 1899 non
490 1869 665 1899 extenso.

130 1977 144 2026 (
171 1977 328 2015 Insecta
357 1976 537 2014 solitarie
571 1975 799 2029 degentia.)

78 2047 228 2084 Neutra
248 2046 372 2084 nulla.
390 2044 561 2084 Masculi
580 2054 619 2084 et
642 2045 803 2084 feminae

79 2112 190 2150 alati.
220 2113 415 2150 Thoracis
446 2121 700 2164 segmentum
726 2126 803 2150 an-

84 2183 211 2221 ticum
239 2181 405 2220 secundi
439 2179 658 2219 altitudine
679 2209 688 2227 ,
719 2179 802 2219 ala-

82 2265 175 2289 rum
208 2251 409 2303 originem
437 2264 557 2301 supra
585 2251 802 2301 attingens.

83 2319 330 2358 Abdominis
348 2316 558 2371 pediculos
583 2330 655 2355 nec
682 2330 804 2368 squa-
825 2369 829 2381 ὓ

84 2387 287 2425 miformis
329 2402 400 2427 nec
430 2387 600 2427 discrete
628 2385 802 2425 nodulo—

85 2474 170 2511 sus3
201 2458 345 2510 (ocelli
375 2459 417 2498 in
446 2468 618 2510 utroque
640 2455 775 2507 sexu).
821 2478 840 2499 J

903 621 1101 657 FAMILIA
1125 619 1316 653 DECIMA.

937 686 1278 717 CnABRoerEs.

996 745 1234 780 crabronites.

868 1458 1067 1491 FAMILIA
1101 1458 1359 1498 UNDECIMA,

946 1522 1277 1555 BEMBECIDES.

995 1585 1230 1617 Bembe'cides.

916 2157 1148 2191 FAMILIA
1190 2156 1306 2188 XIF.

975 2223 1027 2253 Sc
1045 2230 1102 2251 οἱ,
1118 2230 1128 2250 1
1146 2228 1251 2251 E'rAE.

1020 2280 1201 2313 Scola‘e‘tes.
