1679 2976
272 239 292 273 1
303 238 369 274 02
561 222 810 277 Insecta.
856 224 1031 279 Ptero
1039 223 1240 281 dicera„

486 377 878 420 FAMILIA
947 381 1319 432 QUARTA.

568 497 728 529 ACRY
744 500 807 529 DI
823 500 854 530 1.
891 499 1227 532 ACRYDIENS.

312 610 634 646 OBSERVATIONEs.
658 615 842 648 Antennoe
865 614 1049 648 filiformes
1073 622 1134 648 aut
1149 615 1356 648 subsetaeeae
1377 615 1434 647 vel
1452 615 1546 658 pris-

266 676 640 719 matico-ensiformes‚
666 678 705 710 in
727 679 915 712 nonnullis
935 686 1137 712 extrorsum
1154 680 1356 721 crassiores,
1382 678 1546 722 subcapi-

266 744 345 770 tatae
357 763 369 777 ,
401 739 554 773 thoracis
571 742 771 785 corporisve
792 742 937 776 dimidii
962 744 1188 787 longitudine
1203 769 1212 785 ,
1241 742 1403 775 articulis
1420 753 1439 774 a
1457 742 1547 774 duo-

267 800 384 833 decim
408 803 624 835 tredecimve
639 804 683 836 ad
705 805 836 848 viginti
861 806 1038 848 quinque.
1066 805 1223 838 Labrum
1246 804 1370 847 saepius
1393 803 1549 847 emargi-

266 870 404 896 natum.
431 866 660 899 Mandibuloe
688 867 977 900 multi-dentatae.
999 867 1113 912 Palpi
1137 867 1289 900 articulo
1307 864 1438 898 ultimo
1466 865 1549 898 sub-

267 928 449 962 obconico.
474 931 647 965 Maxilloe
674 933 772 976 apice
794 933 1005 966 tridentatae.

313 991 474 1025 Habitus
495 994 733 1034 locustarum,
760 1002 795 1027 at
820 1007 947 1040 eorpus
969 997 1138 1036 crassius,
1163 996 1313 1038 pedibus
1336 995 1550 1027 robustiori-

267 1054 356 1095 bus,
388 1053 558 1100 (posticis
586 1056 806 1103 praesertim)
841 1058 1091 1098 brevioribus,
1130 1057 1173 1090 ad
1206 1056 1408 1090 saltandum
1440 1056 1550 1099 magis

267 1117 428 1160 idoneis3
452 1126 605 1162 quatuor
636 1122 853 1164 postiemum
885 1121 1027 1164 singulo
1053 1121 1095 1152 ab
1127 1120 1286 1164 ejusdem
1321 1120 1415 1163 paris
1441 1120 1552 1151 altero

269 1181 460 1214 intervallo
481 1195 608 1227 magno
632 1185 785 1217 distante
808 1183 975 1229 (pectore
999 1184 1069 1216 late
1096 1189 1131 1215 et
1148 1184 1353 1226 quadratim
1370 1183 1549 1226 extenso).

271 1243 387 1276 Ocelli
406 1251 476 1277 tres
500 1246 659 1278 dislincti
674 1273 683 1288 ,
710 1246 881 1278 frontales
902 1257 963 1289 per
986 1245 1209 1288 triangulum
1229 1245 1411 1288 dispositi3
1431 1256 1475 1276 ex
1495 1245 1550 1276 his

269 1317 342 1339 uno
357 1309 571 1352 plerumque
592 1310 770 1350 solitario,
798 1309 914 1341 infero
927 1333 936 1349 ,
953 1308 1080 1340 carinae
1093 1307 1232 1339 sulculo
1259 1313 1292 1339 et
1313 1307 1408 1339 inter
1425 1313 1551 1338 anten-

268 1381 331 1402 nas
356 1372 491 1404 inserto
517 1388 526 1414 ;
549 1373 688 1405 duobus
717 1372 797 1404 aliis
824 1378 1065 1404 antennarum
1094 1371 1327 1403 insertionem
1354 1382 1481 1414 supra,
1508 1371 1551 1402 ad

268 1435 457 1467 oculorum
483 1436 681 1478 marginem
709 1436 907 1467 internum.
929 1434 1060 1479 Elytra
1083 1434 1122 1465 in
1147 1439 1300 1476 utroque
1326 1445 1413 1465 sexu
1436 1433 1553 1465 consi-

269 1498 395 1538 milia3
421 1499 591 1541 masculi,
615 1498 686 1531 alas
700 1498 799 1532 tibiis
814 1498 956 1542 posticis
970 1496 1132 1530 fricando
1152 1497 1327 1538 strident,
1347 1502 1382 1528 et
1401 1495 1552 1528 feminas

271 1560 451 1593 alliciunt.

271 1677 308 1713 I.
342 1676 398 1713 Os
429 1676 624 1713 detectum
639 1692 654 1723 ;
680 1685 867 1713 antennoe
896 1677 1078 1714 articulis
1103 1691 1130 1713 a
1156 1676 1292 1713 decem
1320 1682 1359 1711 et
1384 1683 1466 1712 octo
1500 1674 1559 1711 ad

323 1747 473 1797 viginti
498 1754 668 1797 quatuor
681 1761 697 1791 ;
724 1747 846 1796 galea
864 1760 1034 1797 magna,
1063 1746 1347 1796 subobtrigona
1371 1745 1436 1782 vel
1460 1744 1556 1781 sub-

325 1822 445 1851 ovata
458 1829 475 1860 ;
518 1815 671 1851 labium
700 1815 870 1865 bifidum
888 1845 902 1860 ,
943 1817 1186 1853 laciniarum
1213 1814 1383 1852 articulo
1415 1814 1556 1851 ultimo

325 1891 548 1921 transverso
562 1899 579 1930 ;
595 1892 790 1921 [ursorum
806 1886 1000 1922 articulus
1018 1887 1182 1923 ultimus
1201 1884 1423 1936 appendice
1439 1898 1557 1920 mem-

326 1952 546 1998 branacea,
573 1953 815 1999 rotundam,
844 1955 949 1992 inter
979 1968 1131 2005 ungues
1155 1955 1372 2002 intetjecla.

324 2076 532 2114 CCCLVI.
562 2077 719 2115 GENus.
749 2080 1031 2115 PNEUMORA.
1060 2079 1293 2115 Pneumore.

327 2148 577 2191 Pneumora,
616 2149 796 2184 THUNB.
814 2170 866 2175 —-
888 2147 1054 2198 Gryllus
1088 2147 1102 2198 (
1120 2144 1322 2196 Locusta)
1339 2174 1351 2190 ,
1386 2146 1526 2183 LINN.
1544 2175 1556 2190 ,

276 2215 387 2252 ΓΑΒ.
421 2236 473 2242 -—
504 2215 751 2266 Aeijydium,
781 2229 840 2253 DE
867 2216 1022 2260 GEER,
1057 2216 1270 2253 OLJVIER.

328 2285 532 2322 Antennae
559 2283 771 2323 filiformes
793 2285 992 2337 (articulis
1022 2300 1044 2323 a
1069 2284 1268 2323 sexdecim
1296 2282 1344 2321 ad
1365 2282 1551 2335 viginti).

277 2354 410 2391 Pedes
446 2368 586 2392 omnes
621 2369 790 2408 corpore
830 2356 1047 2395 breviores.
1087 2356 1214 2393 ocelli
1251 2352 1522 2406 approximati
1545 2383 1556 2402 ,

279 2422 387 2460 inter
408 2436 447 2461 se
477 2423 663 2475 subaeque
682 2423 828 2464 dissiti.
863 2426 1076 2466 Abdomen
1102 2425 1242 2478 saepius
1262 2420 1533 2463 vesiculosum
1545 2450 1557 2470 ,

280 2498 325 2529 ut
359 2503 556 2539 vacuum,
584 2490 787 2530 inflatum.
