1679 2976
342 240 363 274 1
376 220 443 293 78
622 222 874 275 Ins-ecta.
902 218 1290 275 Pteroclicera.

635 358 961 397 SECTIO
1024 357 1322 398 PRIMA.

384 457 634 498 Mandibulae
649 458 803 498 validae.
822 459 935 498 Tarsi
953 459 1139 499 articulis
1163 458 1306 498 tribus.
1324 455 1409 496 Alae
1426 454 1613 510 aequales,

586 569 979 608 FAMILIA
1064 568 1354 608 PRIMA.

456 673 911 705 LIBELLULINAE.
963 673 1480 704 LIBELLULINES.

483 775 671 814 Odonata
683 777 923 813 FABRIGII.
953 774 1155 812 Odonaces
1169 775 1218 813 de
1233 774 1459 812 Fabricius.

562 922 888 962 SECTIO
948 922 1373 961 SECUNDA.

374 1027 627 1067 Mandihulae
662 1026 784 1067 nullae
815 1037 883 1066 aut
922 1027 1124 1067 obsoletae.
1159 1027 1272 1066 Tarsi
1300 1025 1482 1066 articulis
1509 1040 1612 1080 qua-

323 1104 430 1134 tuor.
460 1095 545 1135 Alae
585 1096 725 1135 iuferae
766 1095 921 1148 superis
960 1094 1092 1134 multo
1133 1096 1322 1134 minores.
1365 1094 1486 1133 Pedes
1526 1094 1608 1132 (luo

319 1165 446 1205 antici
470 1164 700 1219 longiores,
726 1166 918 1218 porrecti.
950 1165 1201 1216 (Abdomen
1225 1165 1318 1204 setis
1337 1163 1607 1215 caudalibus.)

621 1304 899 1344 TRIBUS
956 1301 1313 1342 SECUNDA.

512 1415 923 1445 FILICORNES.
992 1413 1414 1444 FILICORNES.

409 1522 618 1575 Synistata
648 1522 886 1559 FABmcn.
928 1522 1159 1573 ›Syrtistates
1199 1519 1248 1558 de
1279 1520 1509 1560 Fabricius.

370 1639 571 1679 Antennae
599 1638 785 1678 articulis
808 1639 1009 1678 sexdecim
1038 1648 1076 1678 et
1104 1638 1232 1686 ultra,
1252 1648 1479 1679 extrorsum
1499 1654 1605 1680 cras—

320 1710 446 1748 siores
476 1709 542 1749 vel
568 1709 782 1749 filiformes
809 1718 878 1747 aut
902 1709 1101 1761 paulatim
1125 1719 1304 1759 setaceae‚
1331 1711 1495 1750 thorace
1520 1727 1604 1751 non

318 1778 540 1817 breviores.
566 1777 681 1830 Palpi
699 1777 933 1817 maxillares
949 1780 1114 1826 exserti,
1135 1779 1320 1818 articulis
1340 1781 1521 1833 quinque
1538 1789 1604 1819 aut

314 1855 491 1900 quatuor
513 1847 733 1886 distinctis.
766 1845 851 1885 Alae
872 1847 1014 1899 saepius
1033 1846 1195 1886 deflexae
1215 1857 1282 1886 aut
1301 1849 1600 1888 incumbentes.

623 1962 948 2001 SECTIO
1003 1963 1296 2002 PRIMA.

826 2050 1092 2089 Mandibulae.

594 2162 965 2201 DIVISIO
1019 2163 1312 2201 PRIMA.

683 2248 797 2287 Tarsi
822 2248 1005 2288 articulis
1032 2250 1225 2303 quinque.

362 2347 494 2398 Caput
518 2359 707 2398 processu
725 2346 861 2386 antico
890 2348 1034 2386 rostri-
1117 2365 1316 2398 FAMILIA
1342 2365 1571 2398 SECUNDA,

309 2415 434 2454 formi
451 2424 490 2453 et
506 2415 555 2452 ad
573 2415 731 2467 apicem
748 2416 1031 2457 instrumentis
1049 2450 1072 2527 j
1172 2430 1197 2461 Ρ
1210 2441 1235 2461 A
1251 2441 1276 2461 N
1295 2440 1315 2461 0
1331 2440 1353 2461 n
1370 2440 1454 2462 ΡΑΤ
1468 2440 1509 2462 AE.

309 2482 477 2523 cibariis
503 2484 714 2524 instructa
1218 2494 1459 2539 Panorpates.
