1679 2976
309 170 416 226 256
588 169 837 223 Insecta.
880 167 1269 222 Pteroclz'cera.

303 277 443 322 joribus
471 277 743 321 depromendae3
779 281 916 308 naturae
945 275 1081 307 etenim
1115 275 1226 319 magis
1258 286 1366 318 quam
1399 276 1591 311 hominum

305 341 507 374 theoreticae
523 347 558 372 et
574 339 826 382 systematibus
851 338 1086 372 credendum.
1111 338 1385 372 Observandum
1413 346 1464 372 est
1485 340 1593 374 etiam

305 406 347 438 in
386 416 557 447 generum
594 404 842 436 characterum
880 403 1103 446 expositione
1144 402 1273 435 seriem
1305 404 1593 436 mathematicam

304 469 448 502 admitti
474 479 546 500 non
574 479 691 512 posse3
718 467 824 499 modo
848 473 1029 509 antennae,
1057 466 1162 498 modo
1182 465 1423 499 instrumenta
1442 467 1598 509 cibaria,

305 533 523 576 quandoque
548 543 634 563 vero
657 541 873 574 organorum
903 536 1023 564 motus
1053 529 1134 562 talis
1168 536 1231 562 aut
1266 530 1348 563 talis
1377 530 1596 563 modificatio

306 597 495 640 praevalere
524 595 709 626 videntur.

352 659 401 693 2⁰.
428 659 672 691 Instrumenta
697 658 831 690 cibaria
847 683 856 699 ‚
879 657 965 691 licet
992 659 1140 703 exigua,
1173 658 1259 691 licet
1288 659 1475 691 observatu
1497 658 1596 690 diffi-

305 723 413 764 cilia,
440 723 525 754 licet
552 722 729 765 litigiosa,
754 721 976 753 characteres
1002 727 1119 753 tamen
1148 722 1340 765 primarios
1369 728 1405 754 et
1439 722 1598 755 absolute

307 783 546 828 requirendos
570 783 756 815 exhibent.

353 846 401 881 5⁰.
430 848 471 879 In
498 857 624 890 genere
652 847 809 878 maxime
838 845 997 878 naturali
1024 855 1154 889 organa
1180 847 1357 889 praecipua
1386 857 1541 879 numero
1564 854 1600 879 et

310 909 425 942 forma
455 910 578 942 eadem
609 921 679 941 esse
706 909 864 951 debent3
895 921 969 942 non
999 909 1203 942 associanda
1236 910 1349 952 igitur
1368 921 1446 952 quae
1462 910 1503 942 in
1520 922 1601 953 par-

310 974 407 1005 tibus
434 973 623 1005 nonnullis
645 972 759 1016 reipsa
785 973 1032 1014 conveniunt,
1057 972 1116 1004 sed
1136 984 1213 1015 quae
1227 972 1266 1004 in
1282 972 1440 1012 caeteris,
1468 973 1538 1005 alia
1557 974 1599 1005 ab

311 1036 392 1068 aliis
412 1021 627 1079 discrepaht.
652 1036 876 1068 insectorum
894 1047 1021 1079 genera
1041 1036 1178 1068 alarum
1205 1041 1240 1068 et
1262 1041 1503 1069 antennarum
1518 1036 1602 1069 har-

308 1100 430 1133 monia
455 1100 604 1133 fundata
631 1099 762 1132 exinde
784 1100 1033 1143 repelluntur,
1059 1099 1089 1131 si
1109 1099 1325 1131 nutritionis
1354 1100 1597 1132 instrumenta

310 1165 450 1196 diverse
476 1163 746 1196 constituantur
772 1169 835 1195 aut
851 1163 978 1195 saltem
1001 1163 1040 1195 in
1065 1163 1234 1195 methodo
1257 1163 1439 1196 artificiali
1458 1169 1600 1198 tantum

307 1226 542 1258 admittenda.
569 1226 708 1258 Harum
730 1225 890 1269 partium
920 1225 1032 1257 officia
1056 1234 1141 1258 sunt
1166 1226 1313 1269 majoris
1340 1237 1484 1271 prorsus
1519 1238 1598 1260 mo-

309 1291 427 1323 menti
455 1301 564 1333 quam
589 1291 728 1321 alarum
757 1289 906 1321 cellulae.

357 1363 405 1396 4⁰.
434 1363 571 1407 Speciei
599 1374 677 1395 mas
693 1368 729 1393 et
742 1361 887 1406 femina
905 1360 1071 1402 quamvis
1090 1370 1306 1402 organorum
1333 1362 1599 1397 nonnullorum

307 1425 441 1466 forma,
469 1426 649 1457 coloribus
669 1449 677 1464 ,
704 1425 795 1455 alter
823 1424 866 1454 ab
903 1423 1015 1454 altero
1050 1421 1233 1466 distincti,
1271 1423 1405 1456 animal
1432 1424 1527 1457 idem
1561 1425 1601 1459 in

308 1488 436 1520 ordine
461 1481 620 1518 naturali
646 1484 802 1517 habendi
825 1490 922 1516 sunt.
951 1484 1008 1516 Ad
1043 1495 1215 1528 generum
1243 1485 1515 1530 specierumque
1539 1487 1603 1520 de·-

308 1551 547 1594 signationem
569 1548 790 1580 characteres
810 1547 913 1580 sexui
939 1548 1048 1580 unico
1074 1549 1235 1592 proprios
1259 1555 1322 1581 aut
1341 1560 1549 1583 communes
1565 1557 1604 1585 at

306 1613 422 1646 forma
458 1613 617 1645 diversos
654 1611 824 1643 adhibere
851 1611 1131 1655 compellimur,
1162 1618 1197 1644 et
1221 1612 1287 1644 hoc
1315 1611 1407 1647 vitio
1436 1613 1601 1648 laborant

308 1676 471 1709 methodi
501 1686 637 1708 omnes.

358 1740 406 1773 5⁰.
433 1739 531 1772 Ordo
565 1738 741 1770 naturalis
776 1748 916 1770 summa
950 1737 1141 1781 diligentia
1169 1738 1428 1782 explorandus5
1465 1740 1602 1783 Hyme-

310 1812 459 1850 noplera
486 1805 525 1836 in
545 1804 767 1836 terebrantia
790 1810 825 1835 et
854 1802 1025 1836 aculeata
1050 1804 1196 1836 dividit.
1212 1804 1362 1836 Domini
1378 1805 1601 1847 Jurinelme-

309 1869 439 1902 thodus
463 1868 568 1900 seriei
595 1866 752 1900 naturali
771 1867 810 1898 in
836 1867 1021 1910 perpaucis
1037 1866 1262 1907 adversatur,
1291 1878 1375 1899 cum
1404 1867 1598 1912 Cynipsera

313 1932 356 1964 ab
388 1930 723 1969 Icheumonidibus,
751 1929 917 1963 Mutilloe
940 1936 975 1962 et
999 1931 1176 1962 Formicoe
1204 1941 1222 1961 a
1249 1929 1389 1975 Tiphc'is
1404 1930 1508 1974 longe
1528 1931 1601 1963 dis-

311 2000 391 2026 tant
417 2000 452 2025 et
480 1992 648 2038 Apiariis
671 1992 898 2023 succedentia
914 2016 923 2032 ,
941 1991 1294 2035 Hymenopterorum
1318 1991 1484 2024 ordinem
1503 1992 1601 2025 clau-

313 2057 414 2090 dant.

362 2119 414 2152 60.
440 2120 627 2152 Generum
643 2118 884 2160 characteres,
902 2116 963 2150 alii
980 2129 1063 2150 cum
1081 2118 1182 2159 aliis,
1203 2119 1456 2162 comparandi,
1474 2120 1601 2152 sectio-

314 2192 376 2215 nes
398 2182 697 2225 multiplicandae,
719 2188 760 2213 ut
789 2181 926 2225 generis
950 2182 1180 2225 investigatio
1204 2180 1344 2214 facilior
1368 2181 1505 2214 evadat.

361 2277 469 2310 Nunc
494 2277 634 2309 domini
654 2276 782 2308 Jurine
804 2275 1093 2319 terminologiam
1115 2286 1199 2307 cum
1226 2281 1346 2308 nostra
1361 2275 1597 2309 conferamus.

364 2342 499 2384 Stigma
514 2361 558 2366 —
573 2347 763 2385 punctum,
788 2353 934 2385 carpus,
957 2342 1128 2373 JURJNE.

364 2405 439 2438 Alae
463 2417 597 2448 superae
623 2416 743 2449 margo
772 2406 929 2439 exterior
953 2406 1027 2439 sive
1046 2411 1141 2438 costa
1167 2417 1185 2437 a
1218 2405 1293 2438 basi
1319 2404 1362 2438 ad
1383 2405 1512 2449 stigma
1536 2411 1598 2438 aut

320 2477 497 2514 punctum
516 2490 560 2498 --
577 2471 717 2509 radius,
744 2471 773 2502 J.

1500 2539 1595 2572 Basis
