1679 2976
202 188 336 243 Orci.
361 188 624 242 VFccm.
648 186 768 251 II„
805 187 1130 240 Umceratcz.
1211 188 1321 263 239

51 309 262 353 filiformes
283 319 322 348 et
348 309 530 349 articulis
562 311 705 358 13-16,
731 310 859 363 magis
878 309 1136 362 compressis,
1164 309 1328 358 inferis,

43 381 91 418 in
121 380 333 429 omnibus,
370 380 637 433 longioribus.
675 382 854 418 Labrzcm
885 378 995 418 haud
1022 380 1291 431 conspicuum
1310 409 1322 427 ,

41 448 293 498 coriaceum,
322 449 493 496 lineare,
525 450 568 487 in
602 450 737 489 medio
759 449 880 502 paulo
906 458 1178 497 coarctatum,
1209 448 1324 501 apice

44 518 365 568 subincra÷;sato‚
407 518 556 558 ciliato.
606 520 872 557 Mandibuloe
913 532 1096 564 corneae,
1138 527 1330 568 exsertae,

46 587 536 640 subtriquetro-trigonae,
569 588 616 626 ad
639 588 754 625 basin
775 589 1022 635 incrassatae,
1050 587 1158 625 infra
1178 586 1327 624 subex-

44 665 212 706 cavatae,
240 657 544 695 breviterintus
564 656 797 694 tridentatae
817 665 884 693 aut
915 656 1133 693 bidentatae
1151 663 1190 692 et
1210 654 1332 692 dente

42 722 179 760 lateris
211 723 361 761 interni
393 723 672 774 emargina103
701 723 813 774 apice
840 722 884 759 in
912 722 1076 760 dentem
1105 721 1333 764 acutiorem

44 803 82 829 et
100 792 220 844 paulo
246 791 475 844 longiorem
493 792 715 844 producto,
745 792 884 830 baseos
901 791 1052 845 angulo
1076 801 1243 830 externo
1262 807 1332 830 ro—

45 859 214 898 tundato
228 860 352 897 autin
372 858 574 898 tuberculi
591 860 766 912 speciem
784 859 1001 912 producto,
1026 859 1148 903 latere
1170 860 1333 899 interno

48 929 260 977 incisorio,
283 928 522 967 mandibula
546 929 707 967 sinistra
729 931 840 967 intus
868 929 1037 968 dexterae
1055 930 1333 970 incumbente.

45 999 153 1036 Gula
173 997 362 1050 (Kirby)
394 997 620 1049 profunda,
658 998 765 1035 infra
799 998 1028 1051 (annulus,
1058 999 1221 1052 Kirby)
1253 999 1333 1038 late

45 1077 218 1105 arcuata.
248 1069 425 1106 Labium
452 1067 752 1120 longitudinale
769 1097 781 1112 ,
813 1066 1334 1120 clorigato-depresso-suh-

43 1138 233 1176 conicum
260 1147 297 1176 et
329 1138 436 1175 infra
464 1137 657 1185 crassius,
686 1138 1067 1185 membranaceum,
1103 1138 1338 1203 hirsutum,

46 1206 232 1246 maxillas
251 1207 499 1259 illarumque
527 1207 669 1260 palpos
694 1221 858 1260 gerens,
886 1208 987 1246 facie
1013 1207 1147 1248 antica
1179 1208 1334 1260 tripar-

46 1277 154 1327 tita3
197 1277 382 1329 partibus
419 1276 577 1314 duabus
605 1277 748 1318 inseris
786 1276 884 1315 labii
913 1278 1063 1330 apicis,
1104 1276 1212 1315 ultra
1244 1275 1335 1329 pal-

45 1359 116 1398 pos
161 1344 414 1397 exsurgentis
441 1374 453 1389 ,
500 1344 681 1394 stipitem
726 1345 1117 1383 subefformantibus
1145 1375 1155 1392 ,
1196 1354 1335 1384 trans-

45 1412 390 1465 verso—quadratis
409 1440 418 1454 ‚
455 1413 587 1450 amice
618 1421 710 1450 cute
742 1414 921 1452 coriacea
953 1414 1130 1460 vestitis,
1155 1413 1337 1452 secundae

45 1481 234 1520 mediaevc
272 1481 456 1532 margine
500 1494 644 1530 supero
686 1479 773 1518 solo
824 1481 1171 1531 lnembranaceo3
1221 1491 1335 1534 parte

45 1551 212 1591 basilari
242 1565 263 1589 e
293 1553 412 1596 loris,
444 1559 600 1596 mento,
625 1551 787 1602 fulcro,
823 1552 867 1588 in
894 1566 1023 1589 unum
1055 1551 1242 1597 coalitis,
1267 1566 1338 1591 ve-

45 1619 122 1658 luti
151 1619 383 1667 efformata,
424 1618 526 1672 gulae
566 1617 722 1656 annulo
751 1617 964 1669 imposita,
990 1633 1134 1671 parum
1162 1633 1338 1657 moven-

48 1690 126 1741 da3
159 1689 307 1742 angulo
346 1703 489 1741 supero
520 1699 558 1727 et
592 1688 753 1742 singulo
792 1688 959 1741 palpum
994 1697 1032 1727 et
1064 1688 1185 1726 illum
1226 1703 1333 1740 pone

47 1770 117 1798 aut
146 1760 255 1797 intus
283 1758 493 1798 maxillam
521 1759 698 1806 ferente,
734 1758 844 1810 palpi
881 1757 1114 1796 maxillares
1145 1758 1340 1797 brevissi-

49 1831 126 1877 mi,
155 1829 336 1869 maxillis
372 1838 440 1868 aut
473 1828 615 1868 saltem
651 1828 816 1868 illarum
852 1843 1039 1880 processu
1076 1828 1203 1881 duplo
1243 1830 1338 1868 bre-

49 1901 205 1946 viores,
234 1899 396 1951 penitus
426 1899 476 1936 ab
509 1898 593 1937 illis
622 1898 785 1937 disereti
819 1899 1092 1937 insertioneve
1116 1898 1334 1951 peculiari,

48 1966 269 2019 cylindrici
305 1964 370 2003 vel
400 1964 787 2018 comico-cylindrici
811 1995 821 2013 ,
855 1965 1233 2012 corniculiformes,
1270 1981 1336 2004 ar-

50 2036 189 2075 ticulis
216 2036 402 2081 duobus,
431 2035 595 2073 basilari
623 2036 829 2082 breviore,
858 2035 901 2073 in
931 2034 1072 2073 multis
1095 2036 1161 2073 vix
1185 2036 1336 2073 distin-

50 2103 235 2158 guendo3
270 2103 446 2141 maxillae
475 2103 570 2157 (aut
595 2103 759 2142 illarum
790 2118 1017 2156 processus,
1052 2104 1187 2142 forsan
1222 2105 1335 2144 enim

53 2173 229 2212 maxillae
271 2173 320 2211 ad
364 2174 479 2212 basin
514 2183 722 2222 connatae,
765 2175 948 2226 apicibus
982 2172 1076 2212 solis
1111 2173 1334 2227 discretis)

51 2245 593 2292 coriaceo-memhranaceae,
616 2244 909 2298 liguliformes,
929 2244 1336 2297 compresso-suhey-

51 2314 257 2362 lindricae,
279 2315 328 2353 ad
352 2315 465 2353 basin
490 2314 610 2365 paulo
640 2314 908 2368 angustiores,
930 2314 1042 2366 apice
1063 2313 1335 2362 acutiusculae,

51 2383 204 2421 villosae
225 2414 236 2432 ,
267 2399 398 2437 parvae
422 2415 432 2433 ,
471 2382 754 2430 ascendentes,
794 2397 898 2435 pone
928 2382 1070 2435 palpos
1101 2382 1334 2421 maxillares

53 2452 245 2502 insertae,
284 2451 385 2491 labii
426 2462 539 2505 parte
570 2452 742 2492 secunda
784 2452 968 2493 mediove
1009 2467 1180 2504 superne
1211 2450 1332 2503 paulo
