1679 2976
314 225 323 237 Ι

261 222 331 277 54
551 222 799 277 Insecta.
829 219 1004 274 Ptero
1012 218 1214 274 dicem.

322 375 638 437 FAMILIA
691 374 1113 427 TRIGESIMA
1161 371 1468 425 QUARTA.

391 496 840 528 CERAMBYCINI.
900 474 1390 528 cERAMBYcJNs.

296 611 616 643 OBSERVA'rmNEs.
645 613 828 644 Antennae
867 610 1046 652 plerisque
1078 614 1217 641 seiaceae
1235 632 1243 648 ‚
1277 606 1314 638 in
1347 605 1535 638 nonnullis

252 673 461 713 filiformes,
495 684 575 705 raro
610 678 749 704 serratae
786 677 848 703 aut
872 671 1019 715 spinosae
1035 696 1043 711 3
1078 672 1203 714 saepius
1227 670 1352 702 saltem
1378 668 1535 712 corporis

250 736 499 779 longitudine,
522 737 710 768 oculorum
731 735 903 767 canthum
930 734 1116 766 internum
1146 745 1266 765 versus
1294 733 1433 764 inserlae
1450 732 1461 776 (
1478 742 1536 762 ca-

247 799 331 842 pitis
351 806 448 842 parte
472 800 532 830 cui
561 799 773 830 inseruntur
802 798 965 841 elevata)
983 811 991 838 3
1011 797 1174 830 articulis
1202 796 1393 837 undecim,
1416 795 1454 826 in
1473 806 1534 827 ,ςα-

240 862 363 906 perdis
374 861 560 904 perpaucis
576 860 766 892 duodecim
780 874 789 901 3
803 860 950 891 basilari
963 860 1132 892 crassiore
1145 883 1153 899 ,
1169 859 1339 890 obconico
1355 873 1362 900 3
1378 857 1533 890 secundo

245 925 398 956 minimo
416 939 423 964 3
442 923 675 966 sequentibus
695 923 910 965 cylindricis
926 929 987 954 aut
1001 921 1418 963 obconico-cylindricis,
1437 921 1534 963 apice

251 998 375 1031 supero
407 987 619 1027 rotundam,
650 986 852 1018 incrassato.
890 985 1049 1016 Labrum
1081 985 1305 1025 coriaceum,
1325 990 1506 1015 exserlum
1524 1008 1533 1024 ,

250 1050 683 1092 transverso-quadratum
699 1074 708 1091 ,
728 1049 822 1080 linea
838 1048 1026 1091 impressa,
1053 1054 1269 1084 transversa,
1290 1048 1421 1090 postica
1435 1073 1443 1087 ,
1463 1059 1530 1079 <e-

245 1112 314 1143 luti
341 1112 554 1154 biparlitum
575 1135 583 1150 ,
612 1111 792 1152 integrum
820 1115 882 1140 aut
907 1109 1171 1151 emarginatum
1189 1133 1197 1147 ‚
1224 1109 1386 1150 margine
1411 1108 1530 1140 antico

242 1176 366 1218 saepius
403 1175 530 1206 villoso
559 1180 621 1206 aut
653 1174 792 1205 hirsuto
810 1198 818 1212 ,
846 1173 888 1204 ad
916 1173 1028 1203 latera
1062 1171 1265 1203 rotundato,
1294 1171 1529 1205 Mandibaloe

242 1249 377 1269 corneae
389 1262 397 1278 ‚
417 1238 543 1269 breves
557 1261 565 1277 ,
589 1235 927 1278 [riquclro-lrigonae
945 1259 953 1275 3
979 1234 1147 1276 depressae
1163 1227 1410 1273 ‚'latiuseulae,
1429 1236 1526 1278 apice

242 1305 357 1340 acuto,
379 1296 643 1337 subuncinalo3
664 1297 773 1327 latere
789 1295 934 1326 interno
960 1294 1125 1336 plurium
1153 1294 1432 1340 (cerambyces)
1461 1296 1528 1328 sub

240 1363 339 1405 apice
368 1361 581 1392 unidentaio
607 1384 616 1400 ‚
657 1359 730 1401 ipso
763 1359 860 1400 apice
897 1357 1016 1390 bifido.
1056 1357 1173 1400 Palpi
1196 1363 1350 1399 quatuor
1380 1358 1528 1401 breves,

238 1422 495 1455 subfiliformes
520 1426 581 1452 aut
607 1426 810 1451 extrorsum
837 1419 1023 1451 crassiores
1041 1433 1048 1459 3
1067 1418 1219 1450 articulo
1242 1419 1374 1451 ultimo
1401 1421 1527 1463 saepius

247 1488 397 1527 majore3
420 1484 494 1517 illis
508 1483 819 1526 cylindrico-ovali
838 1489 900 1515 aut
916 1489 1019 1514 ovalo
1032 1508 1040 1523 ,
1060 1483 1103 1514 ad
1119 1483 1255 1526 apicem
1271 1490 1457 1527 trunca103
1473 1486 1529 1517 his

242 1549 411 1582 crassiore
427 1574 436 1589 ,
461 1548 631 1579 obconico
657 1546 715 1578 vel
741 1546 931 1587 subovam,
950 1552 1152 1577 transverse
1175 1552 1339 1578 truncato
1361 1553 1422 1579 aut
1447 1549 1526 1579 sub-

242 1614 429 1656 obtrigono
445 1627 452 1653 3
469 1611 672 1644 maxillares
694 1610 818 1654 saepius
832 1611 937 1653 paulo
957 1610 1134 1653 longiores
1149 1635 1157 1651 ,
1171 1611 1335 1642 articulis
1348 1617 1503 1653 quatuor
1518 1626 1526 1653 ;

240 1677 386 1709 labiales
403 1675 516 1707 [ribus
537 1699 544 1714 ,
571 1673 755 1706 terminali
774 1673 897 1704 eodem
924 1673 1200 1715 praecedentium
1227 1674 1263 1705 in
1290 1675 1416 1706 muliis
1431 1686 1522 1718 pau-

238 1741 347 1783 lisper
373 1738 552 1770 crassiore.
580 1735 751 1769 Maxilla>
779 1736 999 1778 processibus
1033 1736 1172 1768 duobus
1204 1737 1361 1769 coriaceo
1379 1750 1524 1770 -mem-

241 1802 423 1834 branaceis
452 1815 460 1841 3
499 1806 647 1831 externo
677 1799 834 1842 majore,
870 1799 1057 1842 obtrigono
1083 1801 1140 1832 rel
1167 1800 1392 1842 sublineari3
1424 1802 1522 1844 apice

245 1866 382 1897 hirsuto
401 1889 409 1905 ‚
428 1863 555 1895 latiore
572 1888 580 1903 ,
607 1863 646 1894 in
673 1863 861 1894 nonnullis
877 1863 1088 1895 subarcualo
1104 1879 1111 1905 3
1133 1864 1276 1896 interno
1300 1864 1523 1908 dentiformi,

242 1930 339 1972 apice
357 1933 460 1959 acuto
476 1952 484 1968 ,
508 1928 668 1969 margine
687 1928 831 1958 interno
845 1928 970 1970 saepius
983 1929 1111 1961 villoso
1126 1935 1187 1961 aut
1203 1929 1353 1963 hirsuto.
1369 1929 1522 1963 Labium

239 1992 725 2025 coi-iaceo-membranaceum
753 1998 816 2022 aut
837 1992 1241 2034 submembranaceum,
1271 1993 1371 2024 basin
1399 2005 1521 2025 versus

240 2063 450 2099 angustum,
464 2055 592 2086 deinde
607 2055 798 2087 dilatatum
814 2079 823 2095 ,
844 2055 1098 2087 subcordatum
1114 2079 1122 2094 ,
1148 2055 1224 2087 illis
1242 2058 1517 2099 emarginatum,

239 2121 294 2152 lzis
326 2106 505 2151 bilobum.¹
546 2120 705 2150 Mentum
740 2124 962 2150 crusiaceum
1002 2125 1064 2151 aut
1112 2120 1311 2151 coriaceum
1333 2146 1341 2161 ‚
1378 2122 1486 2153 breve
1507 2146 1516 2161 ,

239 2183 394 2226 slipilale
412 2207 422 2220 ,
456 2181 877 2213 transverso-sublimeare
903 2196 912 2223 3
937 2183 1096 2225 margine
1129 2194 1255 2225 supero
1291 2183 1516 2225 angustiore,

241 2256 304 2288 pro
315 2244 404 2276 labii
416 2244 610 2275 insertione
624 2244 694 2275 lale
708 2244 925 2286 emarginato
942 2258 949 2285 3
969 2245 1141 2277 lateribus
1156 2246 1367 2277 rotundatis.
1385 2247 1517 2288 Corpus

238 2308 442 2349 elongatum
459 2331 467 2346 ,
495 2306 681 2348 saepissime
695 2307 738 2338 ad
756 2306 907 2339 sormam
930 2308 1165 2350 cylindricam
1188 2309 1353 2340 accedens
1369 2333 1376 2348 ,
1397 2308 1513 2339 antice

239 2369 447 2412 angusfius,
471 2368 573 2400 dorso
606 2370 843 2410 planiusculo.
882 2372 997 2415 Caput
1036 2377 1217 2403 exsertum
1238 2381 1254 2411 ,'
1281 2378 1412 2403 nutans
1450 2377 1511 2403 aut

236 2432 454 2465 verticaliter
489 2432 660 2463 inflexum
676 2458 684 2473 3
714 2434 846 2466 thoraci
873 2436 994 2477 saepius
1014 2436 1057 2467 ad
1082 2436 1201 2467 oculos
1227 2447 1339 2478 usque
1356 2436 1427 2468 fere
1447 2437 1508 2467 in·-

236 2496 635 2530 lrudendum..Tl10rax
659 2498 856 2538 elytrorum
878 2499 951 2530 basi
974 2499 1155 2541 angustior
1174 2524 1182 2539 ,
1211 2499 1282 2531 illis
1312 2500 1421 2544 triplo
1446 2505 1506 2531 aut
