1679 2976
338 183 435 238 152
630 183 878 237 Insecta.
921 180 1305 235 Pteroclicera.

383 289 501 322 Corise
530 288 646 321 stride.
674 288 795 322 LATR.
827 287 927 320 Hist.
953 294 1029 320 nat.
1056 287 1116 320 (les
1154 289 1267 320 Crust.
1309 292 1343 319 et
1368 286 1428 319 cles
1455 288 1587 319 Insect.
1609 311 1618 327 ,

328 357 414 383 tom.
440 361 479 382 12
497 375 505 391 ,
525 362 560 394 p.
588 350 669 392 289.

376 414 581 446 Notonecta
600 413 746 444 striata.
774 414 898 443 LJNN.
920 410 1069 454 System.
1091 416 1169 444 nat.
1185 434 1194 452 ‚
1213 411 1264 443 ed.
1289 411 1349 452 13,
1365 417 1448 443 tom.
1471 421 1484 443 1
1500 436 1508 451 ‚
1529 421 1618 455 pars

331 488 347 508 2
364 502 377 516 ,
397 488 436 520 p.
458 488 537 521 712.
554 496 599 501 —
618 479 737 509 Faun.
757 477 854 508 Szaec.
870 501 881 514 ,
909 476 961 508 ed.
981 489 1020 519 2,
1043 477 1093 508 12⁰.
1113 476 1191 519 904.

373 540 536 573 Punaise
562 538 666 572 d'eau
695 539 813 572 strie'e.
840 541 902 572 DE
933 541 1054 572 GEER.
1078 539 1184 573 Ille'm.
1208 551 1236 571 s.
1251 537 1272 570 l.
1292 539 1423 571 Insect.
1440 563 1451 578 ,
1476 544 1561 571 tom.
1581 539 1614 580 5,

321 614 362 647 p.
386 603 475 647 589,
498 601 553 646 pl.
571 614 636 643 20,
678 615 725 648 lg·
751 613 780 634 1.
802 612 834 634 2.

374 664 508 710 Sigara
525 665 672 696 striata.
700 665 802 695 ΓΑΒ.
822 664 972 706 System.
992 663 1133 709 Rhyng.
1149 687 1161 702 ‚
1186 676 1228 709 p.
1253 663 1330 697 104.

372 731 628 762 ScztELLENB.
656 728 777 760 Cimic.
792 752 800 768 ‚
827 726 903 759 tab.
923 738 977 759 11.

374 796 474 827 Razs.
505 794 656 829 Insect„
688 797 771 823 tom.
793 791 838 831 5,
866 790 942 821 tab.
960 801 1016 833 29.

374 855 521 886 Habitat
548 854 588 886 in
613 853 778 895 Europa,
804 851 917 894 aquis.

566 991 894 1031 SECTIO
947 989 1376 1029 SECUNDA.

616 1110 950 1150 FAMILIA
1004 1109 1324 1159 QUARTA.

497 1232 898 1265 cIGADARIAE.
967 1231 1440 1262 CICADAIRES.

366 1350 688 1382 OBSERVATIONES.
715 1348 899 1379 Antennoe
924 1346 1143 1377 brevissimae
1169 1345 1307 1388 (capite
1326 1345 1514 1387 saepissime
1526 1345 1612 1377 bre-

327 1414 445 1446 viores
467 1419 529 1444 aut
544 1413 646 1444 illius
662 1411 934 1455 longitudine),
957 1410 1273 1442 subulato-conicae
1284 1434 1292 1450 ,
1310 1409 1407 1440 inter
1424 1409 1544 1440 oeulos
1558 1417 1619 1442 aut

321 1478 389 1510 sub
411 1477 502 1517 illis,
521 1476 633 1509 fronti
647 1476 821 1508 lateribus
837 1476 976 1507 insertae
990 1490 998 1516 3
1014 1474 1089 1507 illis
1108 1475 1271 1506 articulis
1288 1485 1347 1506 sex
1363 1472 1523 1519 (radieali
1540 1486 1617 1508 non.

321 1537 553 1583 computato)
584 1537 714 1569 ultimo
742 1535 938 1577 sefflformi,
968 1535 1011 1567 ad
1037 1535 1172 1578 apicem
1196 1546 1412 1578 compresso,
1431 1536 1614 1568 submem-

320 1601 496 1633 branaceo
511 1627 520 1643 ,
544 1601 647 1632 basin
671 1611 794 1631 versus
821 1600 927 1643 paulo
960 1599 1147 1642 graciliore
1168 1615 1177 1641 3
1204 1599 1259 1631 his
1287 1599 1451 1630 articulis
1469 1600 1608 1641 tribus;

320 1664 428 1695 tertio
445 1664 569 1707 saepius
594 1663 768 1702 minimo,
802 1660 1114 1698 tuberculisormi,
1136 1666 1246 1692 setam
1266 1661 1466 1693 emittente.
1495 1662 1612 1705 Caput

320 1727 459 1760 thoraci
485 1727 605 1759 antico
633 1727 677 1758 ad
710 1725 830 1757 oculos
858 1736 970 1767 usque
1000 1725 1203 1765 intrusum,
1240 1724 1333 1757 infra
1353 1732 1472 1757 sterno
1492 1726 1611 1758 antico

321 1800 546 1831 appressum3
569 1788 682 1819 oculis
710 1798 796 1830 saepe
818 1786 1055 1829 prominulis,
1081 1787 1324 1830 subglobosis3
1353 1788 1475 1820 ocellis
1496 1788 1609 1820 tribus

319 1854 379 1885 vel
400 1853 539 1884 duobus
557 1868 566 1895 3
593 1852 712 1884 fronte
739 1852 954 1894 plerumque
973 1851 1162 1882 incrassata
1176 1877 1184 1892 ‚
1218 1857 1424 1883 antrorsum
1444 1851 1613 1891 dilatata,

320 1917 444 1948 striata
464 1921 525 1947 aut
549 1915 709 1947 carinata
725 1940 734 1956 ,
765 1915 806 1946 in
834 1915 1024 1946 nonnullis
1045 1915 1173 1957 plana3
1198 1915 1322 1957 clypeo
1350 1913 1399 1959 (1)
1417 1913 1588 1946 distincto
1604 1939 1613 1955 ‚

319 1978 745 2022 elongato-subquadrato
772 1978 830 2009 vel
851 1978 1060 2020 subtrigono
1076 2002 1085 2018 ‚
1112 1977 1277 2009 fulcrato.
1296 1976 1455 2010 Labrum
1476 1983 1614 2009 crusta-

368 2140 422 2186 (1)
446 2141 539 2174 Cum
559 2143 683 2185 clypeo
710 2154 784 2174 non
808 2142 1086 2175 confundendus
1110 2144 1283 2186 marginis
1301 2144 1467 2175 frontalis
1491 2144 1613 2187 superi

322 2218 504 2249 processus
529 2207 711 2240 dilatatus.
737 2208 888 2251 Clypeus
904 2200 1002 2240 'mihi
1022 2207 1149 2250 eapitis
1170 2218 1249 2251 pars
1276 2207 1396 2239 antica
1414 2213 1448 2238 et,
1474 2208 1615 2249 media,

322 2275 447 2301 sutura
464 2269 723 2312 longitudiuali
736 2270 878 2301 lineave
894 2270 1065 2313 impressa
1083 2281 1125 2301 ex
1139 2275 1292 2311 utroque
1308 2269 1418 2301 latere
1433 2268 1618 2308 distincta,

322 2333 431 2364 rostri
460 2340 493 2365 et
519 2334 611 2365 labri
646 2333 806 2377 (labium
829 2335 941 2378 Fab.)
971 2335 1148 2377 originem
1179 2339 1417 2377 supertegeris·
1444 2334 1477 2365 A
1511 2332 1614 2365 labro

324 2394 458 2436 pariter
483 2395 753 2429 discernendus.
774 2396 887 2430 Voces
914 2396 983 2429 illae
1013 2397 1137 2439 saepius
1167 2397 1209 2428 ab
1229 2396 1437 2429 auctoribus
1470 2394 1619 2428 confuse

322 2455 499 2490 adhibitae.

1493 2547 1595 2570 ceum
1604 2562 1615 2580 ,
